<record><leader>00000cas a22000007a 4500</leader><controlfield tag="001">14563929</controlfield><controlfield tag="008">861029d18uu19uutxuwr ne      0    0eng d</controlfield><datafield ind1=" " ind2=" " tag="010"><subfield code="a">sn 86089825 </subfield></datafield><datafield ind1=" " ind2=" " tag="040"><subfield code="a">PPM</subfield><subfield code="b">eng</subfield><subfield code="c">PPM</subfield><subfield code="d">ANU</subfield><subfield code="d">OCL</subfield><subfield code="d">OCLCQ</subfield><subfield code="d">OCLCF</subfield><subfield code="d">OCLCO</subfield></datafield><datafield ind1=" " ind2=" " tag="042"><subfield code="a">msc</subfield></datafield><datafield ind1=" " ind2=" " tag="043"><subfield code="a">n-us-tx</subfield></datafield><datafield ind1="0" ind2=" " tag="130"><subfield code="a">Navasota tablet (Navasota, Tex.)</subfield></datafield><datafield ind1="1" ind2="4" tag="245"><subfield code="a">The Navasota tablet.</subfield></datafield><datafield ind1=" " ind2=" " tag="260"><subfield code="a">Navasota, Tex. :</subfield><subfield code="b">Tom Maddox</subfield></datafield><datafield ind1=" " ind2=" " tag="300"><subfield code="a">v. :</subfield><subfield code="b">ill. ;</subfield><subfield code="c">56 cm.</subfield></datafield><datafield ind1=" " ind2=" " tag="310"><subfield code="a">Weekly</subfield></datafield><datafield ind1=" " ind2=" " tag="588"><subfield code="a">Description based on: Vol. 28, no. 36 (Feb. 25, 1897).</subfield></datafield><datafield ind1=" " ind2="0" tag="651"><subfield code="a">Navasota (Tex.)</subfield><subfield code="v">Newspapers.</subfield></datafield><datafield ind1=" " ind2="7" tag="655"><subfield code="a">Newspapers.</subfield><subfield code="2">fast</subfield><subfield code="0">(OCoLC)fst01423814</subfield></datafield><datafield ind1=" " ind2="7" tag="651"><subfield code="a">Texas</subfield><subfield code="z">Navasota.</subfield><subfield code="2">fast</subfield><subfield code="0">(OCoLC)fst01224912</subfield></datafield><datafield ind1=" " ind2=" " tag="752"><subfield code="a">United States</subfield><subfield code="b">Texas</subfield><subfield code="c">Grimes</subfield><subfield code="d">Navasota.</subfield></datafield><datafield ind1="0" ind2="0" tag="780"><subfield code="t">Navasota weekly tablet</subfield><subfield code="w">(DLC)sn 85033446</subfield><subfield code="w">(OCoLC)11973971</subfield></datafield></record>